<?xml version="1.0" encoding="UTF-8"?><collection xmlns="http://www.loc.gov/MARC21/slim"><record><leader>00419nam--2200121-i-4500</leader><controlfield tag="001">000020048</controlfield><controlfield tag="002">20161230</controlfield><controlfield tag="005">20161230201033</controlfield><controlfield tag="008">060222s1000------------r-----000-0-eng-d</controlfield><datafield ind1=" " ind2=" " tag="080"><subfield code="a">620.9  313</subfield></datafield><datafield ind1=" " ind2=" " tag="245"><subfield code="a">Energy in transition 1985-2010.final report of the committe on nuclear and alternative energy systems national research council</subfield></datafield><datafield ind1=" " ind2=" " tag="260"><subfield code="a">San Francisco, Freeman,W.H. And Company, 1980 Xxxvii + 677 P</subfield></datafield><datafield ind1=" " ind2=" " tag="852"><subfield code="a">70226</subfield></datafield></record></collection>